@article{Khalyfa1992,
  doi       = {10.1021/jf00014a010},
  url       = {https://doi.org/10.1021/jf00014a010},
  year      = {1992},
  month     = feb,
  publisher = {American Chemical Society ({ACS})},
  volume    = {40},
  number    = {2},
  pages     = {215--220},
  author    = {Abdelnaby. Khalyfa and Selim. Kermasha and Inteaz. Alli},
  title     = {Extraction,  purification,  and characterization of chlorophylls from spinach leaves},
  journal   = {Journal of Agricultural and Food Chemistry}
}
@article{Mussagy2018,
  doi       = {10.1007/s00253-018-9557-5},
  url       = {https://doi.org/10.1007/s00253-018-9557-5},
  year      = {2018},
  month     = {12},
  publisher = {Springer Science and Business Media {LLC}},
  volume    = {103},
  number    = {3},
  pages     = {1095--1114},
  author    = {Cassamo Ussemane Mussagy and James Winterburn and Valéria Carvalho Santos-Ebinuma and Jorge Fernando Brand{\~{a}}o Pereira},
  title     = {Production and extraction of carotenoids produced by microorganisms},
  journal   = {Applied Microbiology and Biotechnology}
}
@article{Sgariglia2010,
  title     = {Cromatografía: conceptos y aplicaciones},
  author    = {Sgariglia, Melina Araceli and Soberon, Jose Rodolfo and Sampietro, Diego Alejandro and Vattuone, Marta Amelia},
  year      = {2010},
  publisher = {Universidad Nacional de Tucumán. Facultad de Ciencias Naturales e Instituto}
}
