@article{Munoz-Fernandez2022,
   author = {Gloria Muñoz-Fernández and Rubén Martínez-Buey and José Luis Revuelta and Alberto Jiménez},
   doi = {10.1186/S13068-022-02176-0},
   issn = {2731-3654},
   issue = {1},
   journal = {Biotechnology for Biofuels and Bioproducts 2022 15:1},
   keywords = {Biotechnology,Environmental Engineering/Biotechnology,Microbiology,Plant Breeding/Biotechnology,Renewable and Green Energy},
   month = {7},
   pages = {1-13},
   publisher = {BioMed Central},
   title = {Metabolic engineering of Ashbya gossypii for limonene production from xylose},
   volume = {15},
   url = {https://biotechnologyforbiofuels.biomedcentral.com/articles/10.1186/s13068-022-02176-0},
   year = {2022},
}
@article{Tetali2018,
   author = {Sarada D. Tetali},
   doi = {10.1007/S00425-018-3056-X},
   issn = {1432-2048},
   issue = {1},
   journal = {Planta 2018 249:1},
   keywords = {Agriculture,Ecology,Forestry,Plant Sciences},
   month = {11},
   pages = {1-8},
   pmid = {30467631},
   publisher = {Springer},
   title = {Terpenes and isoprenoids: a wealth of compounds for global use},
   volume = {249},
   url = {https://link.springer.com/article/10.1007/s00425-018-3056-x},
   year = {2018},
}
@article{Cheng2019,
   author = {Si Cheng and Xue Liu and Guozhen Jiang and Jihua Wu and Jin-lai Zhang and Dengwei Lei and Ying-Jin Yuan and Jianjun Qiao and Guang-Rong Zhao},
   doi = {10.1021/acssynbio.9b00135},
   issn = {21615063},
   issue = {5},
   journal = {ACS Synthetic Biology},
   keywords = {Saccharomyces cerevisiae,limonene biosynthesis,orthogonal engineering,pathway and metabolic engineering,synthetic biology},
   month = {5},
   pages = {968-975},
   pmid = {31063692},
   publisher = {American Chemical Society},
   title = {Orthogonal Engineering of Biosynthetic Pathway for Efficient Production of Limonene in Saccharomyces cerevisiae},
   volume = {8},
   url = {https://pubs.acs.org/doi/abs/10.1021/acssynbio.9b00135},
   year = {2019},
}
@incollection{Buchanan2015,
   author = {B.B Buchanan and W. Gruissem and R.L. Jones},
   isbn = {9781118502211},
   journal = {Biochemistry and Molecular Biology of Plants},
   pages = {1250-1318},
   publisher = {Wiley},
   title = {Natural Products (Secondary Metabolites)},
   url = {https://instruct.uwo.ca/biology/407b/restricted/pdf/Chpt24.pdf},
   year = {2015},
}
@article{Stepanyuk2019,
   author = {Alexey Stepanyuk and Andreas Kirschning},
   doi = {10.3762/BJOC.15.252},
   issn = {18605397},
   journal = {Beilstein Journal of Organic Chemistry},
   keywords = {Asymmetric synthesis,Fragrances,Odorants,Sandalwood,Scents,Terpenes,Terpenoids},
   month = {10},
   pages = {2590},
   pmid = {31728173},
   publisher = {Beilstein-Institut},
   title = {Synthetic terpenoids in the world of fragrances: Iso E Super® is the showcase},
   volume = {15},
   url = {/pmc/articles/PMC6839564/ /pmc/articles/PMC6839564/?report=abstract https://www.ncbi.nlm.nih.gov/pmc/articles/PMC6839564/},
   year = {2019},
}
@misc{Gao2020,
   author = {Qiyu Gao and Luan Wang and Maosen Zhang and Yongjun Wei and Wei Lin},
   doi = {10.3389/fbioe.2020.609800},
   issn = {22964185},
   journal = {Frontiers in Bioengineering and Biotechnology},
   keywords = {Saccharomyces cerevisiae,biosynthetic pathway,monoterpenoids,protein engineering,structure biology,synthetic biology},
   month = {12},
   pmid = {33335897},
   publisher = {Front Bioeng Biotechnol},
   title = {Recent Advances on Feasible Strategies for Monoterpenoid Production in Saccharomyces cerevisiae},
   volume = {8},
   url = {https://pubmed.ncbi.nlm.nih.gov/33335897/},
   year = {2020},
}